<?xml version="1.0" encoding="UTF-8"?>
<record xmlns="http://www.loc.gov/MARC21/slim">
   <leader>01194cam a2200325 a 4500</leader>
   <controlfield tag="001">456355</controlfield>
   <controlfield tag="003">NjP</controlfield>
   <controlfield tag="005">20190705140730.0</controlfield>
   <controlfield tag="008">880721s1952    ua            000 1 ara d</controlfield>
   <datafield tag="024" ind1="7" ind2=" ">
      <subfield code="a">princeton_aco004006</subfield>
      <subfield code="2">local</subfield>
   </datafield>
   <datafield ind1=" " ind2=" " tag="040">
      <subfield code="a">NjP</subfield>
      <subfield code="c">PUL</subfield>
      <subfield code="d">PUL</subfield>
   </datafield>
   <datafield ind1=" " ind2=" " tag="035">
      <subfield code="a">(CStRLIN)NJPG88-B36342</subfield>
   </datafield>
   <datafield ind1=" " ind2=" " tag="035">
      <subfield code="9">ACD2001TS</subfield>
   </datafield>
   <datafield ind1=" " ind2=" " tag="035">
      <subfield code="a">(NjP)456355</subfield>
   </datafield>
   <datafield ind1=" " ind2=" " tag="049">
      <subfield code="a">PULL</subfield>
   </datafield>
   <datafield ind1=" " ind2=" " tag="035">
      <subfield code="a">(OCoLC)ocm77880299</subfield>
   </datafield>
   <datafield ind1="1" ind2=" " tag="100">
      <subfield code="6">880-01</subfield>
      <subfield code="a">ʻAbd Allāh, Ṣūfī.</subfield>
   </datafield>
   <datafield ind1="1" ind2="0" tag="245">
      <subfield code="6">880-02</subfield>
      <subfield code="a">Nafartītī, rabbat al-jamāl wa-al-tāj /</subfield>
      <subfield code="c">taʼlīf Ṣūfī ʻAbd Allāh.</subfield>
   </datafield>
   <datafield ind1=" " ind2=" " tag="260">
      <subfield code="a">Miṣr :</subfield>
      <subfield code="b">Dār al-Hilāl,</subfield>
      <subfield code="c">1952.</subfield>
   </datafield>
   <datafield ind1=" " ind2=" " tag="300">
      <subfield code="a">209 p. ;</subfield>
      <subfield code="c">17 cm.</subfield>
   </datafield>
   <datafield ind1="0" ind2=" " tag="490">
      <subfield code="6">880-03</subfield>
      <subfield code="a">Kitāb al-Hilāl ;</subfield>
      <subfield code="v">al-ʻadad 13 (Māyū 1952)</subfield>
   </datafield>
   <datafield ind1=" " ind2=" " tag="500">
      <subfield code="a">Novel.</subfield>
   </datafield>
   <datafield ind1="0" ind2="0" tag="600">
      <subfield code="a">Nefertiti,</subfield>
      <subfield code="c">Queen of Egypt,</subfield>
      <subfield code="d">14th cent. B.C.</subfield>
      <subfield code="x">Fiction.</subfield>
   </datafield>
   <datafield ind1="1" ind2=" " tag="880">
      <subfield code="6">100-01/r</subfield>
      <subfield code="a">عبد الله، صوفي.</subfield>
   </datafield>
   <datafield ind1="1" ind2="0" tag="880">
      <subfield code="6">245-02/r</subfield>
      <subfield code="a">نفرتيتي، ربة الجمال والتاج /</subfield>
      <subfield code="c">تأليف صوفي عبد الله.</subfield>
   </datafield>
   <datafield ind1="0" ind2=" " tag="880">
      <subfield code="6">490-03/r</subfield>
      <subfield code="a">كتاب الهلال ؛</subfield>
      <subfield code="v">العدد 13 (مايو 1952)</subfield>
   </datafield>
   <datafield ind1=" " ind2=" " tag="998">
      <subfield code="a">08/11/88</subfield>
      <subfield code="s">9114</subfield>
      <subfield code="n">NjP</subfield>
      <subfield code="w">NJPG88B36342</subfield>
      <subfield code="d">07/21/88</subfield>
      <subfield code="c">JCB</subfield>
      <subfield code="b">MT</subfield>
      <subfield code="i">880811</subfield>
      <subfield code="l">NJPG</subfield>
   </datafield>
   <datafield ind1=" " ind2=" " tag="911">
      <subfield code="a">19921028</subfield>
   </datafield>
   <datafield ind1=" " ind2=" " tag="912">
      <subfield code="a">19900828000000.0</subfield>
   </datafield>
   <datafield ind1=" " ind2=" " tag="994">
      <subfield code="a">C0</subfield>
      <subfield code="b">PUL</subfield>
   </datafield>
   <datafield ind1=" " ind2=" " tag="999">
      <subfield code="a">456355</subfield>
   </datafield>
   <datafield ind1=" " ind2=" " tag="979">
      <subfield code="a">(OCoLC)ocn175386799</subfield>
   </datafield>
   <datafield ind1="0" ind2="0" tag="852">
      <subfield code="0">496560</subfield>
      <subfield code="b">rcppa</subfield>
      <subfield code="t">1</subfield>
      <subfield code="h">PJ7805.S9</subfield>
      <subfield code="i">N33</subfield>
      <subfield code="x">tr fr arab</subfield>
   </datafield>
   <datafield ind1=" " ind2=" " tag="959">
      <subfield code="a">2000-06-13 00:00:00 -0400</subfield>
   </datafield>
</record>
